<record><leader>00000cas a22000007a 4500</leader><controlfield tag="001">10906047</controlfield><controlfield tag="008">840702d19321971nyudn ne      0    0eng d</controlfield><datafield ind1=" " ind2=" " tag="010"><subfield code="a">sn 84031165 </subfield></datafield><datafield ind1=" " ind2=" " tag="040"><subfield code="a">NYG</subfield><subfield code="b">eng</subfield><subfield code="c">NYG</subfield><subfield code="d">NPX</subfield><subfield code="d">NSD</subfield><subfield code="d">NYG</subfield><subfield code="d">NYS</subfield><subfield code="d">OCLCQ</subfield><subfield code="d">OCLCF</subfield><subfield code="d">OCLCO</subfield></datafield><datafield ind1=" " ind2=" " tag="042"><subfield code="a">msc</subfield></datafield><datafield ind1="0" ind2=" " tag="130"><subfield code="a">Ogdensburg journal (Ogdensburg, N.Y. : 1932)</subfield></datafield><datafield ind1="0" ind2="0" tag="245"><subfield code="a">Ogdensburg journal.</subfield></datafield><datafield ind1=" " ind2=" " tag="260"><subfield code="a">Ogdensburg, N.Y. :</subfield><subfield code="b">Ogdensburg Pub. Co.,</subfield><subfield code="c">1932-1971.</subfield></datafield><datafield ind1=" " ind2=" " tag="300"><subfield code="a">v. :</subfield><subfield code="b">ill. ;</subfield><subfield code="c">54 cm.</subfield></datafield><datafield ind1=" " ind2=" " tag="310"><subfield code="a">Daily (except Saturday and Sunday)</subfield><subfield code="b">-1971</subfield></datafield><datafield ind1=" " ind2=" " tag="321"><subfield code="a">Daily (except Sunday), 1932-</subfield></datafield><datafield ind1="0" ind2=" " tag="362"><subfield code="a">Dec. 13, 1932-v. 26, no. 3369 (June 4, 1971).</subfield></datafield><datafield ind1=" " ind2=" " tag="500"><subfield code="a">Published by: Northern New York Pub. Co., Inc., -1971.</subfield></datafield><datafield ind1=" " ind2=" " tag="530"><subfield code="a">Available on microfilm from Campbell Microfilming.</subfield></datafield><datafield ind1=" " ind2="0" tag="651"><subfield code="a">Ogdensburg (N.Y.)</subfield><subfield code="v">Newspapers.</subfield></datafield><datafield ind1=" " ind2="0" tag="651"><subfield code="a">Saint Lawrence County (N.Y.)</subfield><subfield code="v">Newspapers.</subfield></datafield><datafield ind1=" " ind2="7" tag="655"><subfield code="a">Newspapers.</subfield><subfield code="2">fast</subfield><subfield code="0">(OCoLC)fst01423814</subfield></datafield><datafield ind1=" " ind2="7" tag="651"><subfield code="a">New York (State)</subfield><subfield code="z">Ogdensburg.</subfield><subfield code="2">fast</subfield><subfield code="0">(OCoLC)fst01205287</subfield></datafield><datafield ind1=" " ind2="7" tag="651"><subfield code="a">New York (State)</subfield><subfield code="z">Saint Lawrence County.</subfield><subfield code="2">fast</subfield><subfield code="0">(OCoLC)fst01202920</subfield></datafield><datafield ind1=" " ind2=" " tag="752"><subfield code="a">United States</subfield><subfield code="b">New York</subfield><subfield code="c">Saint Lawrence</subfield><subfield code="d">Ogdensburg.</subfield></datafield><datafield ind1="0" ind2="0" tag="780"><subfield code="t">Republican-journal (Ogdensburg, N.Y.)</subfield><subfield code="w">(DLC)sn 84024315</subfield><subfield code="w">(OCoLC)11152384</subfield></datafield><datafield ind1="0" ind2="0" tag="785"><subfield code="t">Journal (Ogdensburg, N.Y.)</subfield><subfield code="x">0893-5149</subfield><subfield code="w">(DLC)sn 84031170</subfield><subfield code="w">(OCoLC)10906085</subfield></datafield></record>